@article{article1,
  author={},
  journal={}, 
  title={}, 
  year={},
  volume={},
  number={},
  pages={},
  doi={}
}